@BOOK{hackers,
	author = "Steven Levy",
	title = "Hackers: Heroes of the Computer Revolution",
	shorttitle = "Hackers",
	year = 1984,
	publisher = "Penguin Books",
}

@BOOK{shadow,
	author = "John J. Ratey and Catherine Johnson",
	title = "Shadow Syndromes",
	publisher = "Bantam Books",
	year = 1998
}

@BOOK{tojff,
	author = "Linus Torvalds and David Diamond",
	title = "Just For Fun: The Story of an Accidental Revolutionary",
	shorttitle = "Just For Fun",
	publisher = "HarperCollins Publishers, Inc.",
	year = 2001,
}

@BOOK{tanos,
	author = "Andrew Tanenbaum and Albert Woodhall",
	title = "Operating Systems Design and Implementation",
	publisher = "Pearson Prentice Hall",
	year = 1987,
	edition = 1,
}

@BOOK{opensrc,
	author = "Eric Raymond and Marshall Kirk McKusick and Scott Bradner and Richard Stallman and Michael Tiemann and Paul Vixie and Linus Torvalds and Robert Young and Larry Wall and Brian Behlendorf and Bruce Perens and Tim O'Reilly and Jim Hamerly and Tom Paquin and Susan Walton",
	editor = "Chris DiBona and others",
	title = "Open Sources",
	publisher = "O'Reilly \& Associates, Inc.",
	year = 1999,
	url = "http://oreilly.com/catalog/opensources/book/intro.html",
}

@BOOK{brainm,
	author = "Harvey Newquist",
	title = "The Brain Makers",
	publisher = "Sams Publishing",
	year = 1994
}

@BOOK{manmonth,
	author = "Fred P. Brooks",
	title = "The Mythical Man-Month",
	publisher = "Addison-Wesley Publishing",
	year = 1995,
}

@BOOK{architects,
	author = "Simson Garfinkel",
	title = "Architects of the Information Society: Thirty-Five Years of the Laboratory for Computer Science at MIT",
	year = 1999, 
	publisher = "MIT Press",
}

@BOOK{futofideas,
	author = "Lawrence Lessig",
	title = "The Future of Ideas",
	publisher = "Random House",
	year = 2001,
}

@book{thalmud,
	author = "Lazarus Adler	",
	title = "Thalmudsche Welt- und Lebensweisheit oder Pirke Aboth (Sprüche der Väter)",
	year = "1851",
	publisher = "Zürndorffer \& Sommer",
}


@BOOK{crypto,
	author = "Steven Levy",
	title = "Crypto",
	year = "2001",
	publisher = "Penguin Books",
}

@BOOK{talkgen,
	author = "Michael Gross",
	title = "My Generation: Fifty Years of Sex, Drugs, Rock, Revolution, Glamour, Greed, Valor, Faith, and Silicon Chips",
	shorttitle = "My Generation",
	year = "2000",
	publisher = "Cliff Streets Books",
}

@BOOK{comppower,
	author = "Joseph Weizenbaum",
	title = "Computer Power and Human Reason: From Judgment to Calculation",
	year = 1976,
	publisher = "W.\,H. Freeman and Company",
}

@BOOK{quartcent,
	author = "Peter Salus",
	title = "A Quarter Century of UNIX",
	year = "1994",
	publisher = "Addison-Wesley Publishing",	
}

@misc{gpl,
	author = "Richard Stallman and others",
	title = "GNU General Public License",
	year = 2007,
	howpublished = "\url{http://www.gnu.org/copyleft/gpl.html}",
}

@misc{gplv1,
	author = "Richard Stallman and others",
	title = "GNU General Public License: Version 1",
	year = 1989,
	month = feb,
	howpublished = "\url{http://www.gnu.org/licenses/old-licenses/gpl-1.0.html}",
}
@misc{ipr,
	author = "Stallman, Richard",
	title = "Did You Say “Intellectual Property”? It's a Seductive Mirage",
	howpublished = "\url{http://www.gnu.org/philosophy/not-ipr.html}",
}

@misc{mssrc,
	author = "Shubha Ghosh",
	title = "Revealing the Microsoft Windows Source Code",
	year = 2000,
	month = jan,
	howpublished = "\url{http://www.gigalaw.com/articles/ghosh-2000-01-p1.html} (\textdagger)",
}

@misc{killer,
	author = "Philip Ben-David",
	title = "Whatever Happened to the ‘Killer App’?",
	publisher = "e-Commerce News",
	year = "7. Dezember  2000",
	howpublished = "\url{http://www.ecommercetimes.com/story/5893.html} (\textdagger)",
}

@misc{mundie,
	author = "Craig Mundie",
	title = "The Commercial Software Model (Rede an der New York University Stern School of Business)",
	year = "3. Mai 2001",
	howpublished = "{\url{http://www.microsoft.com/presspass/exec/craig/05-03sharedsource.asp}}",
}

@misc{swcprl,
	author = "Hal Abelson and Mike Fischer and Joanne Costello",
	title = "Software and Copyright Law",
	year = 1997,
	howpublished = "\url{http://groups.csail.mit.edu/mac/classes/6.805/articles/int-prop/software-copyright.html}  (aktualisierte Version)",
}

@misc{rmsnyu,
	author = "Richard Stallman",
	title = "Free Software: Freedom and Cooperation (Rede an der New York University)",
	year = 2001,
	month = mar,
	day = 29,
	howpublished = "\url{http://www.gnu.org/events/rms-nyu-2001-transcript.txt}",
}

@misc{rmshsm,
	author = "Michael Gross", 
	title = "Richard Stallman: High School Misfit, Symbol of Free Software, MacArthur-Certified Genius",
	shorttitle = "High School Misfit",
	year = 1999,
	howpublished = "\url{http://www.mgross.com/MoreThgsChng/interviews/stallman1.html}",
}

@misc{yiwto,
	author = "Robert Young",
	title = "Interview with Linus, the Author of Linux",
	year = "1. März 1994",
	howpublished = "Linux Journal, \url{http://www.linuxjournal.com/article/2736}",
}

@misc{byte,
	author = "David Betz and Jon Edwards",
	title = "Richard Stallman discusses his public-domain Unix-compatible software system with BYTE editors",
	year = 1986,
	month = jul,
	howpublished = "BYTE, \url{http://www.gnu.org/gnu/byte-interview.html}",
}

@misc{stalled,
	author ="Simson Garfinkel",
	title = "Is Stallman Stalled?",
	year = 1993,
	month = mar,
	howpublished = "Wired, \url{http://www.wired.com/wired/archive/1.01/stallman_pr.html}",
}

@misc{catb,
	author = "Eric Raymond",
	title = "The Cathedral and the Bazaar",
	shorttitle = "Cathedral and the Bazaar",
	month = may,
	year = 1997,
	howpublished = "\url{http://www.catb.org/~esr/writings/cathedral-bazaar/}",
}

@misc{rmskth,
	author = "Richard Stallman",
	title = "Rede an der KTH (Schweden)",
	year = 1986,
	howpublished = "\url{http://www.gnu.org/philosophy/stallman-kth.html}",
}

@misc{rmsetfse,
	author = "Richard Stallman",
	title = "Emacs the Full Screen Editor",
	year = 1987,
	howpublished = "\url{http://www.lysator.liu.se/history/garb/txt/87-1-emacs.txt}",
}

@misc{rmsgnuan,
	author = "Richard Stallman",
	title = "Initial GNU Announcement",
	year = 1983,
	month = sep,
	howpublished = "\url{http://www.gnu.org/gnu/initial-announcement.html}",
}

@misc{rmsgnupr,
	author = "Richard Stallman",
	title = "The GNU Project",
	howpublished = "\url{http://www.gnu.org/gnu/the-gnu-project.html}",
}

@misc{gnumani,
	author = "Richard Stallman",
	title = "GNU Manifesto",
	year = 1985,
	howpublished = "\url{http://www.gnu.org/gnu/manifesto.html}",
}

@misc{mittour,
	title = "MIT AI Lab Tourist Policy",
	howpublished = "\url{http://www.art.net/~hopkins/Don/text/tourist-policy.html}",
}

@misc{gatesletter,
	author = "Bill Gates",
	title = "An Open Letter to Hobbyists",
	shorttitle = "Open Letter to Hobbyists",
	year = 1976,
	month = feb,
	howpublished = "Scan aus dem Homebrew Computer Club Newsletter Volume 2, \url{http://upload.wikimedia.org/wikipedia/commons/1/14/Bill_Gates_Letter_to_Hobbyists.jpg}",
 }

@misc{linusfaq,
	author = "Eric Raymond",
	title = "Rampantly Unofficial Linus FAQ",
	howpublished = "\url{http://catb.org/~esr/faqs/linus/}",
}

@misc{callfpap,
	author = "Peter Salus",
	title = "FYI-Conference on Freely Redistributable Software, 2/2, Cambridge",
	year = 1995,
	howpublished = "(archiviert von Terry Winograd), \url{http://bat8.inria.fr/~lang/hotlist/free/licence/fsf96/call-for-papers.html}"
}

@misc{osdef,
	author = "Bruce Perens and others",
	title = "The Open Source Definition",
	year = 1998,
	howpublished = "The Open Source Initiative, \url{http://www.opensource.org/docs/definition.html}",
}

@misc{lincodst,
	author = "Linus Torvalds",
	title = "Linux Kernel Coding Style",
	howpublished = "\url{http://www.kernel.org/doc/Documentation/CodingStyle}",
}

@misc{profitmot,
	author = "Malcolm Maclachlan",
	title = "Profit Motive Splits Open Source Movement",
	year = "26. August 1998",
	howpublished = "Tech-Web News, \url{http://www.techweb.com/article/showArticle?articleID=29102344} (\textdagger)",
}

@misc{forsale,
	author = "Amy Harmon",
	title = "For Sale: Free Operating System",
	year = "28. September 1998",
	howpublished = "New York Times, \url{http://www.nytimes.com/library/tech/98/09/biztech/articles/28linux.html}",
}

@misc{appleado,
	author = "John Markoff", 
	title = "Apple Adopts Open Source for its Server Computers",
	year = "17. März 1999",
	howpublished = "New York Times, \url{http://www.nytimes.com/library/tech/99/03/biztech/articles/17apple.html}"
}

@misc{frprophet,
	author = "Judy Steed",
	title = "Freedom's Forgotten Prophet",
	year = "9. Oktober 2000",
	howpublished = "Toronto Star, BUSINESS, C03, \url{http://www.thestar.com/editorial/atbiz/20001009BUS01_FI-STALLMAN.html} (\textdagger)",
}

@misc{geeksyndr,
	author = "Steve Silberman",
	title = "The Geek Syndrome",
	year = 2001,
	month = dec,
	howpublished = "Wired, \url{http://www.wired.com/wired/archive/9.12/aspergers_pr.html}",
}

@misc{saint,
	author = "Andrew Leonard",
	title = "The Saint of Free Software",
	year = 1998,
	month = aug,
	howpublished = "Salon.com, \url{http://www.salon.com/21st/feature/1998/08/cov_31feature.html}",
}

@misc{forgotten,
	author = "Leander Kahney",
	title = "Linux's Forgotten Man",
	year = "5. März 1999",
	howpublished = "Wired News, \url{http://www.wired.com/news/print/0,1294,18291,00.html}",
}

@misc{moralhigh,
	author = "Andrew Brown",
	title = "Programmer on moral high ground",
	year = "6. November 1999",
	howpublished = "London Guardian, \url{http://www.guardian.co.uk/uk/1999/nov/06/andrewbrown/print}",
}

@misc{trnread,
	author= "Larry Wall and others",
	title = "trn kit readme",
	howpublished = "\url{http://stuff.mit.edu/afs/sipb/project/trn/src/trn-3.6/README}",
}

@misc{bsdprob,
	title = "The BSD License Problem",
	howpublished = "\url{http://www.gnu.org/philosophy/bsd.html}",
}

@misc{hurdhist,
	title = "Hurd History",
	howpublished = "\url{http://www.gnu.org/software/hurd/history.html}",
}

@misc{esrint,
	title = "The Eric S. Raymond interview",
	date = "18. Mai 1999",
	howpublished = "Linux.com, \href{http://web.archive.org/web/20000816005204/http://www.linux.com/interviews/19990518/8/}{\texttt{http://www.linux.com/interviews/\hspace{0px}19990518/8/}}",
}

@misc{jargonf,
	title = "The Jargon File (4.4.7)",
	author = "Eric Raymond",
	howpublished = "\url{http://www.catb.org/jargon/html/index.html}",
}

Leerzeichen am Ende der URL nötig, sonst "sep" statt Komma
@misc{debhist,
	author = "Ian Murdock",
	title = "A Brief History of Debian",
	year = "6. Januar 1994",
	howpublished = "\url{http://www.debian.org/doc/manuals/project-history/index.en.html } ",
}

@misc{macarth,
	title = "Stallman wins \$240,000 MacArthur award",
	author = "Reuven Lerner",
	year = "18. Juli 1990",
	howpublished = "\url{http://the-tech.mit.edu/V110/N30/rms.30n.html}",
}

@misc{emacspaper,
	title = "EMACS: The Extensible, Customizable, Display Editor",
	author = "Richard Stallman",
	year = 1979,
	howpublished = "\url{http://www.gnu.org/software/emacs/emacs-paper.html}"
}

@misc{rmsdallas,
	title = "Stallman Does Dallas",
	author = "Richard Stallman",
	year = "1988",
	howpublished = "\url{http://stallman.org/articles/texas.html}",
}

@misc{napinjunc,
	title = "Court Grants Stay of Napster Injunction",
	author = "Cecily Barnes and Scott Ard",
	howpublished = "News.com, \url{http://news.cnet.com/news/0-1005-200-2376465.html} (\textdagger)",
	year = "28. Juli 2000"
}

@misc{napstervictory,
	title ="A Clear Victory for Recording Industry in Napster Case",
	howpublished = "Pressemitteilung der RIAA, \url{http://www.riaa.com/PR_story.cfm?id=372} (\textdagger)",
	year = "12. Februar 2001"
}

@misc{maeling,
	author = "Mae Ling Mak",
	title = "A Mae Ling Story",
	howpublished = "\url{http://crackmonkey.org/pipermail/crackmonkey/1998-December/001777.html}",
	year = "17. Dezember 1998",
}

Leerzeichen-Problem
@misc{freecodefreeme,
	author = "Annalee Newitz", 
	title = "If Code is Free Why Not Me?",
	year = "26. Mai 2000",
	howpublished = "Salon.com, \url{http://www.salon.com/tech/feature/2000/05/26/free_love/print.html }"
}

@misc{loveofhacking,
	author = "Josh McHugh",
	title = "For the Love of Hacking",
	howpublished = "Forbes, \url{http://www.forbes.com/forbes/1998/0810/6203094a_print.html}",
	year = "10. August 1998",
}


http://www.ljudmila.org/nettime/zkp4/21.htm
@misc{memeint,
	author = "David S. Bennahum",
	title = "Interview with Richard Stallman, founder of the Free Software Foundation",
	howpublished = "\url{http://memex.org/meme2-04.html}",
	year = 1996,
}

@misc{fig1,
	author = "Daniel Seagraves",
	title = "Re: See Figure 1",
	howpublished = "\href{http://web.archive.org/web/20021208160210/http://www.as.cmu.edu/~geek/humor/See_Figure_1.txt}{\texttt{http://www.as.cmu.edu/\~{}geek/humor/\hspace{0px}See\_\hspace{0px}Figure\_1.txt}}",
	year = 1998,
}

XXX Leerzeichen
@misc{whosafraid,
	author = "Evan Leibovitch",
	title = "Who's Afraid of Big Bad Wolves",
	howpublished = "ZDNet Tech Update, \url{http://www.zdnet.com/news/whos-afraid-of-the-big-bad-wolves/298394 }",
	year = "15. Dezember 2000",
}

@misc{gfdgrosses,
	author = "Bryce W. Westover",
	title = "Grateful Dead Time Capsule: 1985-1995 North American Tour Grosses",
	howpublished = "\url{http://www.dead101.com/1197.htm}"
}

@misc{freeswdef,
	title = "The Free Software Definition",
	howpublished = "\url{http://www.gnu.org/philosophy/free-sw.html}"
}

Changelog http://sourceforge.net/projects/freetype/files/freetype2/2.4.0/NEWS/view
@misc{freetypepat,
	title = "Freetype and Patents",
	howpublished = "The FreeType Project, \url{http://www.freetype.org/patents.html}"
}

@misc{esrshutup,
	title = "Shut Up and Show Them the Code",
	author = "Eric Raymond",
	year = "28. Juni 1999",
	howpublished = "\url{http://www.catb.org/~esr/writings/shut-up-and-show-them.html}"
}

@misc{rmssexism,
	author = "Sam Varghese",
	title = "RMS to change routine after sexism fuss",
	year = "2009",
	howpublished = "\url{http://www.itwire.com/opinion-and-analysis/open-sauce/29358-rms-to-change-routine-after-sexism-fuss}"
}

@misc{linsucc,
	author = "Liam Greenwood",
	title = "Why is Linux Successful? - An Opinion.",
	year = 1999,
	howpublished = "\url{http://www.freebsddiary.org/linux.php}"
}
